
@article{Zeng2017,
  title = {A {{Simple Analytical Model}} for {{Rocky Planet Interiors}}},
  volume = {837},
  issn = {1538-4357},
  url = {http://stacks.iop.org/0004-637X/837/i=2/a=164?key=crossref.84cd7e40008714d641fb95626d9222c2},
  doi = {10.3847/1538-4357/aa6218},
  number = {2},
  journaltitle = {The Astrophysical Journal},
  shortjournal = {ApJ},
  urldate = {2019-11-25},
  date = {2017-03-15},
  pages = {164},
  author = {Zeng, Li and Jacobsen, Stein B.},
  file = {/home/claire/Zotero/storage/NKCBVHIK/Zeng and Jacobsen - 2017 - A Simple Analytical Model for Rocky Planet Interio.pdf}
}

@article{Zeng2016,
  title = {Mass–Radius Relation for Rocky Planets Based on {{PREM}}},
  volume = {819},
  issn = {1538-4357},
  url = {http://stacks.iop.org/0004-637X/819/i=2/a=127?key=crossref.3ec1d23e04dfaf9f75dcd6226623abf0},
  doi = {10.3847/0004-637X/819/2/127},
  number = {2},
  journaltitle = {The Astrophysical Journal},
  shortjournal = {ApJ},
  urldate = {2019-11-25},
  date = {2016-03-08},
  pages = {127},
  author = {Zeng, Li and Sasselov, Dimitar D. and Jacobsen, Stein B.},
  file = {/home/claire/Zotero/storage/99PXUV3J/Zeng et al. - 2016 - MASS–RADIUS RELATION FOR ROCKY PLANETS BASED ON PR.pdf}
}

@article{McKenzie1981,
  langid = {english},
  title = {Parameterized Thermal Convection in a Layered Region and the Thermal History of the {{Earth}}},
  volume = {86},
  issn = {0148-0227},
  url = {http://doi.wiley.com/10.1029/JB086iB12p11667},
  doi = {10.1029/JB086iB12p11667},
  number = {B12},
  journaltitle = {Journal of Geophysical Research},
  shortjournal = {J. Geophys. Res.},
  urldate = {2019-11-25},
  date = {1981},
  pages = {11667},
  author = {McKenzie, Dan and Richter, Frank M.},
  file = {/home/claire/Documents/science-docs/literature/phd-browsing/from john/McKenzie_Richter_1981_JGR_Thermal_evolution_JB086iB12p11667.pdf}
}


